% $Id: macros-short.bib 1450 2014-05-15 09:13:27Z franzman $
%

% Publisher
@string{ieee            = "IEEE"}
@string{aw              = "AW"}
@string{acm             = "ACM"}
@string{springer        = "Springer"}
@string{iso_org         = "ISO"},
@string{kluwer          = "Kluwer"}
@string{usenix          = "USENIX"}
@string{pws             = "PWS"}
@string{cisp            = "CISP"}
@string{man             = "Manning"}
@string{mac             = "Macmillian"}
@string{mspress         = "MS Press"}
@string{gi              = "{G}esellschaft f{\"u}r {I}nformatik"}
@string{wiley           = "Wiley"}
@string{kaufmann        = "Morgan Kaufmann"}
@string{ph              = "Prentice Hall"}
@string{vde             = "VDE"}
@string{elsevier        = "Elsevier"}
@string{omg             = "OMG"}
@string{sun             = {{Sun} Micro.}}
@string{lero            = "Lero"}

% Publisher address
@string{aw_addr         = {Boston, MA, USA}}
@string{acm_addr        = {New York, NY, USA}}
@string{wiley_addr      = {New York, NY, USA}}
@string{sun_addr        = {Palo Alto, CA, USA}}
@string{springer_addr   = {Heidelberg, Germany}}
@string{springer_addr2  = {Boston, USA}}
@string{ieee_addr       = {Washington, DC, USA}}
@string{ieee_addr_alamitos = {Los Alamitos, CA, USA}}
@string{iso_addr        = {Geneva, Switzerland}}
@string{usenix_addr     = {Berkeley, CA, USA}}
@string{kluwer_addr     = {Hingham, MA, USA}}
@string{kluwer_addr_norwell = {Norwell, MA, USA}}
@string{ph_addr         = {Englewood Cliffs, NJ, USA}}

% Journals
@string{ai              = "Acta Informatica"}
@string{algorithmica    = "Algorithmica"}
@string{anasw           = "Anals of SWE"}
@string{lncs            = "LNCS"}
@string{cacm            = "CACM"}
@string{jacm            = "JACM"}
@string{acmcs           = "ACM Comp. Surv."}
@string{acmosr          = "ACM OSR" }
@string{acmsignote      = "SIGPLAN Not." }
@string{acmsigada       = "Ada Lett."}
@string{acmsigops       = "SIGOPS Oper. Syst. Rev."}
@string{acmsigcom       = "SIGCOMM Comp. Comm. Rev."},
@string{acmsigsoftsen   = "SIGSOFT Softw. Eng. Notes"}
@string{asmebe          = "ASME J. Basic Engineering"}
@string{daes            = "Des Autom Embed Syst"}
@string{toplas          = "ACM Trans. Program. Lang. Syst. "}
@string{tocs            = "ACM Trans. Comp. Syst." }
@string{taco            = "ACM Trans. Archit. Code Optim." }
@string{joar            = "J. Autom. Reason."}
@string{hpca            = "J. of HPC Applications"}
@string{ieeecdics       = "IEEE CDICS"}
@string{ieeeim          = "IEEE TIM"}
@string{ieeese          = "IEEE TOSE"}
@string{ieeepds         = "IEEE TPDS"}
@string{ieeetc          = "IEEE TC"}
@string{ieeetr          = "IEEE TR"}
@string{ieeetdsc        = "IEEE TDSC"}
@string{ieeetvlsi       = "IEEE VLSI"}
@string{ieeetac         = "IEEE TAC"}
@string{ieeemicro       = "IEEE Micro"}
@string{ieeesw          = "IEEE Software"}
@string{ieeecs          = "IEEE Control Systems Magazine"}
@string{ieeecso         = "IEEE Computer Society"}
@string{ieeecomp        = "IEEE Comp."}
@string{ieeecga         = "IEEE CGA"}
@string{pieee           = "Proc. of the IEEE"}
@string{jec             = "Embedded Computing"}
@string{drdobbs         = "Dr. Dobb's"}
@string{taosd           = "Transactions on AOSD"}
@string{lni             = "Lecture Notes in Informatics"}
@string{joss            = "J. Syst. Softw."}
@string{ibmsj           = "IBM Systems Journal"}
@string{scp             = "Sci. Comput. Program."}
@string{comcom          = "Computer Communications"}
@string{rtsj            = "Real-Time Systems Journal"}
@string{iust            = "Inf. Softw. Technol."}
@string{spe             = "Softw. Pract. Exper. "}
@string{jpdc            = "J. Parallel Dist. Comput."}
@string{ijrr            = "Int. J. Robotics Research"}

% Conferences
@string{PO              = ""}
@string{POT             = ""}
@string{SO              = "Symp. on "}
@string{WO              = "W'shop on "}
@string{CO              = "Conf. on "}
@string{WCO             = "Conf. on "}
@string{ICO             = "Int. Conf. on "}
@string{ICF             = "Int. Conf. for "}
@string{ISO             = "Int. Symp. on "}
@string{IWO             = "Int. W'shop on "}
@string{EWO             = "Eur. W'shop on "}
@string{ECO             = "Eur. Conf. on "}
@string{EMCO            = "Eurom. Conf. on "}
@string{ACO             = "ACM Conf. on "}
@string{ACCO            = "ACM Conf. Comp. on "}
@string{ATO             = "ACM Trans. on "}
@string{ASO             = "ACM Symp. on "}
@string{UTC             = "USENIX ATC "}
@string{UCO             = "USENIX Conf. on "}
@string{UICO            = "USENIX Int. Conf. on "}
@string{USO             = "USENIX Symp. on "}
@string{IEEEWO          = "IEEE W'shop on "}
@string{IISO            = "IEEE Int. Symp. on "}
@string{IICO            = "IEEE Int. Conf. on "}
@string{IAICO           = "IEEE/ACM Int. Conf. on "}
@string{IIWO            = "IEEE Int. W'shop. on "}

@string{AOSD            = "Aspect-Oriented Software Development "}
@string{FOSD            = "Feature-Oriented Software Development "}
@string{OOT             = "Object-Oriented Technologies "}
@string{ASPLOS          = "Arch. Support for Programming Languages \& Operating Systems "}
@string{ASSET           = "Application-Specific Software Engineering and Technology "}
@string{SPE             = "Softw. Pract. Exper. "}
@string{SOSP            = "OS Principles "}
@string{OSDI            = "OS Design and Implementation "}
@string{ECOOP           = "OOP "}
@string{OOPSLA          = "OOP, Systems, Languages, and Applications "}
@string{SEAA            = "Software Eng. and Advanced Applications "}
@string{SPLC            = "Software Product Line Conf. "}
@string{SPLCDS          = "Software Product Line Conf., Doctoral Symp. "}
@string{GPCE            = "Generative Programming and Component Engineering "}
@string{GCSE            = "Generative \& Component-Based Softw. Eng. "}
@string{NODE            = "NetObjectDays "}
@string{EMSOFT          = "Embedded Software "}
@string{TOOLS           = "Technology of OO Languages and Systems "}
@string{ICS             = "Supercomputing "}
@string{IOSCA           = "the Interaction between Operating Systems and Computer Architecture "}
@string{ISORC           = "OO Real-Time Distributed Computing "}
@string{ICSM            = "IEEE Int. Conf. on Software Maintenance "}
@string{ICSR            = "Software Reuse "}
@string{ISES            = "Intelligent Solutions in Embedded Systems "}
@string{IPSN            = "Information Processing in Sensor Networks "}
@string{SIGOPSEW        = "SIGOPS European W'shop "}
@string{IDEAS           = "Int. Database Engineering and Applications Symp. "}
@string{SIGSOFT         = "ACM SIGSOFT "}
@string{IWSAPF          =  IWO # "Software Architectures for Product Families "}
@string{PLDI            = "ACM SIGPLAN Conf. on Programming Language Design and Implementation "}
@string{CSMR            = "Eur. Conf. on Software Maintenance and Reengineering "}
@string{DCCA            = "Dep. Comp. for Crit. App. "}
@string{DCS             = "Dist. Comp. Sys. "}
@string{LCTES-SCOPES    = "Joint LCTES {\&} SCOPES Conferences "}
@string{LCTES           = "Languages, Compilers and Tools for Embedded Systems "}
@string{WORDS           = "Object-oriented Real-time Dependable Systems "}
@string{CAISES          = "Advanced Information Systems Engineering "}
@string{CASES           = "Compilers, Architectures, and Synthesis for Embedded Systems "}
@string{CCC             = "Conference on Computer Communications "}
@string{CCS             = "Eng. of Complex Comp. Sys. "}
@string{CLUSTER         = "Cluster Computing "}
@string{HOTOS           = "Hot Topics in Operating Systems "}
@string{HOTPAR          = "Hot Topics in Parallelism "}
@string{ASE             = "Automated Software Engineering "}
@string{ROSE            = "Robotic and Sensors Environments "}
@string{RTAS            = "Real-Time and Embedded Technology and Applications "}
@string{RTSS            = "Real-Time Sys. "}
@string{RTS             = "Real-Time Sys. "}
@string{SAC             = "Applied Computing "}
@string{PSE             = "Principles of Software Evolution "}
@string{SE              = "Software Engineering "}
@string{SM              = "Software Maintainance "}
@string{CODES           = "HW/SW Codesign "}
@string{CODESISSS       = "HW/SW Codesign and Sys. Synth. "}
@string{ACP4IS          = "Aspects, Components, and Patterns for Infrastructure Software "}
@string{MISS            = "Modularity in Systems Software "}
@string{MTTCCE          = "Modelling Tools and Techniques for Comp. and Comm. Syst. Perf. Eval. "}
@string{MW              = "Middleware "}
@string{VEE             = "Virtual Execution Environments "}
@string{SBAC-PAD        = "Comp. Arch. and High Perf. Computing "}
@string{MOBICOM         = "Mobile Computing and Networking "}
@string{MOBISYS         = "Mobile Systems, Applications, and Services "}
@string{OOOS            = "Object Orientation and Operating Systems "}
@string{DIPES           = "Distributed and Parallel Embedded Systems "}
@string{DAW             = "Dynamic Aspects W'shop "}
@string{WPDRTS          = "Parallel and Dist. RT Systems "}
@string{WTAOP           = "Testing Aspect-Oriented Programs "}
@string{WEASELTECH      = "Empirical assessment of software engineering languages and technologies "}
@string{RTCSA           = "Emb. and RT Computing Systems and App. "}
@string{SCAM            = "Source Code Analysis and Manipulation "}
@string{COOTS           = "OO Technologies and Systems "}
@string{RE              = "Requirements Engineering "}
@string{REVE            = "Reverse Engineering "}
@string{HSCC            = "Hybrid Systems: Computation and Control "}
@string{FM              = "Formal Methods "}
@string{SSR             = "Software Reusability "}
@string{JTRES           = "Java Technologies for real-time {\&} embedded Systems "}
@string{BPAOSD          = "Best Practices in Applying AOSD "}
@string{PLOS            = "Progr. Lang. and OSes "}
@string{AOPLE           = "Aspect-Oriented Prod. Line Engin. "}
@string{ACMAC           = "ACM Ann. Conf. "}
@string{SPLAT           = "Softw. Eng. Properties of Languages and Aspect Techn. "}
@string{WS              = "Web Services "}
@string{CC              = "Compiler Construction "}
@string{PP              = "Parallel Processing "}
@string{DSN             = "Dep. Systems {\&} Networks "}
@string{COMPSAC         = "IEEE Comp. SW and App. Conf. "}
@string{SEUS            = "SW. Techn. for Future Embedded and Ubiquitous Systems "}
@string{SFMA            = "Worksh. on Systems for Future Multicore Arch. "}
@string{DFR             = "Des. f. Reliability "}
@string{EDCC            = "Eur. Dep. Computing Conf. "}
@string{CCCT            = "Symp. on Control, Computers, Communication in Transportation "}
@string{ARCS            = "Architecture of Computing Systems "}
@string{SAFECOMP        = "Comp. Safety, Reliability, and Security "}
@string{FTC             = "Fault-Tolerant Computing "}
@string{FTSCS           = "Formal Tech. for Safety-Crit. Sys. "}
@string{NDSS            = "Network and Dist. Systems Security Symp. "}
@string{CD              = "Computer Design "}
@string{DATE            = "Design, Automation {\&} Test in Europe Conf. {\&} Exh. "}
@string{HASE            = "High-Assurance Systems Engineering "}
@string{IEDM            = "Intern. Electron Devices Meeting "}
@string{RAMS            = "Reliab. \& Maintainab. Symp. "}
@string{GTTSE           = "Generat. \& Transformat. Techn. in Softw. Eng. "}
@string{SOBRES          = "Softw.-Based Methods for Robust Emb. Sys. "}
@string{SMC             = "Sys, Man \& Cybernet. "}

% Full Titles (should be defined in all.bib)
@string{esec00  = POT # "ESEC/FSE '00"}
@string{esec01  = POT # "ESEC/FSE '01"}
@string{esec03  = POT # "ESEC/FSE '03"}
@string{refl99  = POT # "Reflection '99"}
@string{refl01  = POT # "Reflection '01"}
