% -*- mode: bibtex; mode: visual-line; fill-column: 20000 -*-
%
% $Id: theses.bib 1397 2014-03-05 15:08:14Z lohmann $
%
% PURPOSE OF THIS DATABASE
%
% This database is intended to list own (I4/ESS) theses (BA/MA/Diss/Whatever).
% which usally are not cited in papers, but freuqently have to be listed in
% research proposals, reports, CVs, etc.
%

@string{FAU     = {Friedrich-Alexander-Universit\"{a}t Erlangen-N\"{u}rnberg}} 
@string{TUD     = {Technische Universit\"{a}t Dortmund}} 
@string{TUBS    = {Technische Universit\"{a}t Braunschweig}} 
@string{wip     = {(Work in Progress)}}
@string{ba      = {Bachelor Thesis}}
@string{ma      = {Master Thesis}}
@string{da      = {Diploma Thesis}}
@string{sa      = {Study Thesis}}

@thesis{streicher:07:diplom,
	author      = {Jochen Streicher},
	title       = {Aspektorientierte {E}ntwicklung konfigurierbarer {S}peicherschutzverfahren f\"{u}r die {CiAO} {B}etriebssystemfamilie},
	school      = FAU,
	month       = sep,
	year        = 2007,
	type        = da,
	category    = {aop, os, L4}
}

@thesis{zippel:11:ba,
	author      = {Robby Zippel},
	title       = {Efficient Fault Tolerance for Operating-System Data Structures},
	school      = FAU,
	month       = sep,
	year        = 2011,
	type        = ba,
  keywords    = {spp-1500, danceos1, L4}
}

@thesis{boeckenkamp:11:ba,
	author      = {Adrian B{\"o}ckenkamp},
	title       = {{Untersuchung des Code-Location-Problems in C/C++-Programmen für eingebettete x86- und ARM-Architekturen}},
	school      = TUD,
	month       = sep,
	year        = 2011,
	type        = ba,
  keywords    = {spp-1500, danceos1, ESS}
}

@thesis{radetzky:11:ma,
	author      = {Sven Radetzky},
	title       = {Metadata Annotations for Explicit Joinpoints in {AspectC++}},
	school      = TUD,
	month       = sep,
	year        = 2011,
	type        = ma,
  keywords    = {spp-1500, danceos1, ESS}
}

@thesis{hauenstein:11:sa,
	author      = {Thomas Hauenstein},
	title       = {{Portierung und Evaluation einer Soft-Routerplattform auf das eingebettete System eCos}},
	school      = FAU,
	year        = 2011,
  month       = sep,
	type        = sa,
  keywords    = {spp-1500, danceos1, L4}
}

@thesis{bufolo:11:sa,
	author      = {Guilherme Bufolo},
	title       = {Increasing Reliability in Embedded Real-Time Operating Systems With a Modular, Transparent Fault-Tolerance Framework},
	school      = FAU,
	year        = 2011,
  month       = nov,
	type        = sa,
  keywords    = {spp-1500, danceos1, L4}
}

@thesis{blank:11:ba,
	author      = {Peter Blank},
	title       = {{Ein Miniaturquadrokopter als Plattform für mobile, adaptive Sensornetzwerke}},
	school      = FAU,
	year        = 2011,
  month       = nov,
	type        = ba,
  keywords    = {spp-1500, danceos1, L4}
}

@misc{hoffmann:phd-project,
	author      = {Martin Hoffmann},
	title       = {Software-based Hardening of Embedded Operating Systems},
	organization= FAU,
  note        = {Since 2011},
  keywords    = {spp-1500, danceos1, L4}
}

@misc{isa:phd-project,
	author      = {Isabella Stilkerich},
	title       = {A Fault-Tolerant Java Virtual Machine for Deeply Embedded Systems},
	organization= FAU,
  note        = {Since 2011},
  keywords    = {spp-1500, danceos1, L4}
}

@misc{schirmeier:phd-project,
	author      = {Horst Schirmeier},
	title       = {Efficient Fault-Injection Based Dependability Analysis Techniques},
	organization= TUD,
	note        = {Since 2007},
	keywords    = {spp-1500, danceos1, ESS}
}

@misc{schlumberger:12:ba,
  title =        {Variabilitätsgewahre Analysen im {FIASKO/L4}-Mikrokernel},
  author =       {Christian Schlumberger},
  school =       FAU,
  type =         ba,
  year =         2012,
  keywords =     {vamos},
}

@thesis{wulfert:13:ba,
  author      = {Daniel Wulfert},
  title       = {Aspektorientierte Implementierung und Bewertung von Fehlertoleranzmechanismen im eingebetteten Betriebssystem eCos},
  school      = TUD,
  year        = 2013,
  type        = da,
  keywords    = {spp-1500, danceos2, ESS}
}

@thesis{kramer:13:ba,
  author      = {Benjamin Kramer},
  title       = {{AspectClang}: Moving {AspectC++'s} Weaver to the {Clang} {C++} Front End},
  school      = TUD,
  year        = 2013,
  type        = ba,
  keywords    = {spp-1500, danceos2, ESS}
}

@thesis{friemel:13:da,
  author      = {Tobias Friemel},
  title       = {Eine konfigurierbare Softwarearchitektur für zielplattformunabhängige Fehlerinjektion},
  school      = TUD,
  year        = 2013,
  type        = da,
  keywords    = {spp-1500, danceos2, ESS}
}

@thesis{rademacher:13:ma,
  author      = {Lars Rademacher},
  title       = {{FailPanda}: Fehlerinjektionsexperimente auf einer eingebetteten ARM-Plattform},
  school      = TUD,
  year        = 2013,
  type        = ma,
  keywords    = {spp-1500, danceos2, ESS}
}

@thesis{hellwig:14:ma,
  author      = {Richard Hellwig},
  title       = {Automatisierte Analyse von Fehlerinjektionsexperimenten mit Fail*},
  school      = TUD,
  year        = 2014,
  note        = wip,
  type        = ma,
  keywords    = {spp-1500, danceos2, ESS}
}

@thesis{demann:14:ba,
  author      = {Tony Demann},
  title       = {Bewertung von aspektorientierten Fehlertoleranzmechanismen im Mikrokern-Betriebssystem Fiasco},
  school      = TUD,
  year        = 2014,
  note        = wip,
  type        = ma,
  keywords    = {spp-1500, danceos2, ESS}
}

@thesis{lukas:14:ma,
  author      = {Florian Lukas},
  title       = {Design and Implementation of a Soft-error Resilient OSEK Real-time Operating System},
  school      = FAU,
  year        = 2014,
  note        = wip,
  type        = ma,
  keywords    = {spp-1500, danceos2, L4}
}

@thesis{bufolo:13:da,
  author      = {Guilherme Bufolo},
  title       = {Minimally-Invasive Control Flow Monitoring on Heterogeneous Multicore Systems},
  school      = FAU,
  year        = 2013,
  type        = da,
  keywords    = {spp-1500, danceos2, L4}
}

@thesis{rachuj:14:ba,
  author      = {Sebastian Rachuj},
  title       = {Entwurf und Implementierung eines Betriebssystemdienstes für Zuverlässigkeitsaspekte},
  school      = FAU,
  year        = 2014,
  note        = wip,
  type        = ba,
  keywords    = {spp-1500, danceos2, L4}
}

@thesis{taffner:14:da,
  author      = {Philip Taffner},
  title       = {Design und Implementierung einer fehlertoleranten Speicherbereinigung für die KESO-JVM},
  school      = FAU,
  year        = 2014,
  type        = da,
  keywords    = {spp-1500, danceos2, L4}
}

@thesis{dietrich:14:ma,
  author      = {Christian Dietrich},
  title       = {Static State Space Exploration of an OSEK Real-time Operating System},
  school      = FAU,
  year        = 2014,
  note        = wip,
  type        = ma,
  keywords    = {spp-1500, danceos2, L4}
}

@thesis{schuster:14:ma,
  author      = {Simon Schuster},
  title       = {Control-Flow Monitoring for KESO Applications},
  school      = FAU,
  year        = 2014,
  note        = wip,
  type        = ma,
  keywords    = {spp-1500, danceos2, L4}
}

@thesis{moellers:13:ba,
  author      = {Aron Moellers},
  title       = {Portierung mehrfädiger Anwendungen nach eCos RTOS},
  school      = TUBS,
  year        = 2013,
  type        = ba,
  keywords    = {spp-1500, danceos2, IBR}
}

@thesis{geissler:14:ma,
  author      = {Tobias Geissler},
  title       = {Effiziente Prozessreplikation unter widrigen Umständen},
  school      = TUBS,
  year        = 2014,
  type        = ma,
  keywords    = {spp-1500, danceos2, IBR}
}

@misc{martens:phd-project,
  author      = {Arthur Martens},
  title       = {Improvement of Replication and Recovery for Recent System Trends},
  organization= TUBS,
  note        = {Since 2012},
  keywords    = {spp-1500, danceos2, IBR}
}

@misc{borchert:phd-project,
	author      = {Christoph Borchert},
	title       = {Aspect-Oriented Fault-Tolerance Methods in Embedded Operating Systems},
	organization= TUD,
	note        = {Since 2011},
	keywords    = {spp-1500, danceos2, ESS}
}
