% vim:et:ts=4:sts=4:sw=4
% Encoding: UTF-8

@article{Choi,
  author      = {Choi, Jong-Deok and Gupta, Manish and Serrano, Mauricio J. and Sreedhar, Vugranam C. and Midkiff, Samuel P.},
  title       = {Stack allocation and synchronization optimizations for {Java} using escape analysis},
  journal     = {ACM Trans. Program. Lang. Syst.},
  year        = {2003},
  volume      = {25},
  pages       = {876--910},
  number      = {6},
  month       = Nov,
  acmid       = {945892},
  address     = {New York, NY, USA},
  doi         = {10.1145/945885.945892},
  issn        = {0164-0925},
  issue_date  = {November 2003},
  keywords    = {Connection graphs, escape analysis, points-to graph},
  numpages    = {35},
  publisher   = {ACM},
  url         = {http://doi.acm.org/10.1145/945885.945892}
}

@manual{llvm-pass,
  title       = {Writing an {LLVM} Pass},
  organization = {The {LLVM} Project},
  note        = {\url{http://llvm.org/docs/WritingAnLLVMPass.html}, accessed 2012-06-28},
  owner       = {sicslang},
  timestamp   = {2012.06.28},
  url         = {http://llvm.org/docs/WritingAnLLVMPass.html}
}

@article{tarjan:72:lga,
  author      = {Tarjan, R.},
  title       = {Depth-First Search and Linear Graph Algorithms},
  journal     = {SIAM Journal on Computing},
  volume      = {1},
  number      = {2},
  pages       = {146-160},
  year        = {1972},
  doi         = {10.1137/0201010},
  URL         = {http://epubs.siam.org/doi/abs/10.1137/0201010},
  eprint      = {http://epubs.siam.org/doi/pdf/10.1137/0201010}
}

@article{cole:12:keso,
  author      = {Cole, Bernard},
  title       = {{KESO}: A {Java} {VM} an {MCU} developer could love? Maybe.},
  year        = {2012},
  month       = {Jul},
  url         = {http://www.eetimes.com/electronics-blogs/cole-bin/4389892/KESO--A-Java-VM-an-MCU-developer-could-love--Maybe-},
  note        = {\url{http://www.eetimes.com/electronics-blogs/cole-bin/4389892/KESO--A-Java-VM-an-MCU-developer-could-love--Maybe-}, accessed 2012-08-04}
}

@manual{rtsj:06:scoped,
  author      = "Greg Bollella and Benjamin Brosgol and James Gosling and Peter Dibble and Steve Furr and Mark Turnbull",
  title       = {The Real-Time Specification for {Java}},
  publisher   = aw,
  year        = "2000",
  month       = jan,
  edition     = "1st",
  category    = {rts, java},
  url         = {http://www.rtsj.org/specjavadoc/mem_overview-summary.html},
  note        = {\url{http://www.rtsj.org/specjavadoc/mem_overview-summary.html}, accessed 2012-08-06}
}

@manual{java-compiler-api,
  author      = {{Oracle Corp.}},
  title       = {JavaCompiler (Java Platform SE 7)},
  year        = {2011},
  month       = {Jul},
  url         = {http://docs.oracle.com/javase/7/docs/api/javax/tools/JavaCompiler.html},
  note        = {\url{http://docs.oracle.com/javase/7/docs/api/javax/tools/JavaCompiler.html}, accessed 2012-08-06}
}

@book{oracle:07:jls,
  author      = {Gosling, James and Joy, Bill and Steele, Guy and Bracha, Gilad and Buckley, Alex},
  day         = {06},
  month       = {Feb},
  year        = {2012},
  edition     = {{Java} {SE} 7},
  organization = {Oracle America, Inc.},
  title       = {The {Java} Language Specification},
  url         = {http://docs.oracle.com/javase/specs/jls/se7/jls7.pdf},
  note        = {\url{http://docs.oracle.com/javase/specs/jls/se7/jls7.pdf}},
}

%%%%
%% ADDED FOR MY MASTER'S THESIS
%%%%

@article{anthony:13:android-art,
  author      = {Anthony, Sebastian},
  title       = {Android {ART}: {Google} finally moves to replace {Dalvik}, to boost performance and battery life.},
  year        = {2013},
  month       = {Nov},
  day         = {08},
  url         = {http://www.extremetech.com/computing/170677-android-art-google-finally-moves-to-replace-dalvik-to-boost-performance-and-battery-life},
  note        = {\url{http://www.extremetech.com/computing/170677-android-art-google-finally-moves-to-replace-dalvik-to-boost-performance-and-battery-life}, accessed 2014-05-19}
}

@article{lindner:14:android-art,
  author      = {Linder, Brad},
  title       = {Goodbye {Dalvik}? {Android} code commit makes {ART} runtime the default},
  year        = {2014},
  month       = {Jan},
  day         = {31},
  url         = {http://liliputing.com/2014/01/goodbye-dalvik-android-code-commit-makes-art-runtime-default.html},
  note        = {\url{http://liliputing.com/2014/01/goodbye-dalvik-android-code-commit-makes-art-runtime-default.html}, accessed 2014-05-19}
}

@article{lardinois:14:dotnet-aot,
  author      = {Lardinois, Frederic},
  title       = {{Microsoft} Updates {Visual Studio} With Support For Universal Projects, {TypeScript 1.0} And {.NET} Native Code Compilation},
  year        = {2014},
  month       = {Apr},
  day         = {02},
  url         = {http://techcrunch.com/2014/04/02/microsoft-updates-visual-studio-with-support-for-universal-projects-typescript-1-0-and-net-native-code-compilation/},
  note        = {\url{http://techcrunch.com/2014/04/02/microsoft-updates-visual-studio-with-support-for-universal-projects-typescript-1-0-and-net-native-code-compilation/}, accessed 2014-05-19}
}

@article{maxfield:12:IS2T-JVM,
  author      = {Maxfield, Clive},
  title       = {{28KB} {Java} virtual machine supports 32-bit {MCUs}},
  journal     = {eetimes.com},
  year        = {2012},
  month       = {Nov},
  day         = {05},
  url         = {http://www.eetimes.com/document.asp?doc_id=1317511},
  note        = {\url{http://www.eetimes.com/document.asp?doc_id=1317511}, accessed 2014-05-19}
}

@article{merritt:13:java-for-IoT,
  author      = {Merritt, Rick},
  title       = {{Oracle} Brews {Java} for the {Internet of Things}},
  journal     = {eetimes.com},
  year        = {2013},
  month       = {Sep},
  day         = {23},
  url         = {http://www.eetimes.com/document.asp?doc_id=1319569},
  note        = {\url{http://www.eetimes.com/document.asp?doc_id=1319569}, accessed 2014-05-19}
}
